@article{shannon1951prediction,
  title={Prediction and entropy of printed English},
  author={Shannon, Claude E},
  journal={Bell Labs Technical Journal},
  volume={30},
  number={1},
  pages={50--64},
  year={1951},
  publisher={Wiley Online Library}
}